<?xml version="1.0" encoding="UTF-8"?><collection xmlns="http://www.loc.gov/MARC21/slim"><record><leader>00408nam--2200145-i-4500</leader><controlfield tag="001">000049845</controlfield><controlfield tag="002">20161230</controlfield><controlfield tag="005">20161230201047</controlfield><controlfield tag="008">060222s1000------------r-----000-0-eng-d</controlfield><datafield ind1=" " ind2=" " tag="080"><subfield code="a">539.213(061.3):537.222.22(061.3)</subfield></datafield><datafield ind1=" " ind2=" " tag="245"><subfield code="a">Cip-ap.nr.3</subfield></datafield><datafield ind1=" " ind2=" " tag="260"><subfield code="a">Bucharest, Central Inst.Of Physics, 1982, Iii+268p</subfield></datafield><datafield ind1=" " ind2=" " tag="490"><subfield code="a">Abstracts And Proc.Series</subfield></datafield><datafield ind1=" " ind2=" " tag="700"><subfield code="a">Grigorovici,Radu.,Ciurea,Magdalena</subfield></datafield><datafield ind1=" " ind2=" " tag="852"><subfield code="a">70181</subfield></datafield></record></collection>